@article{abdulla2013monotonic,
  title={Monotonic abstraction for programs with multiply-linked structures},
  author={Abdulla, Parosh Aziz and Cederberg, Jonathan and Vojnar, Tom{\'a}{\v{s}}},
  journal={International Journal of Foundations of Computer Science},
  volume={24},
  number={02},
  pages={187--210},
  year={2013},
  publisher={World Scientific}
}

@inproceedings{abdulla2008monotonic,
  title={Monotonic abstraction for programs with dynamic memory heaps},
  author={Abdulla, Parosh Aziz and Bouajjani, Ahmed and Cederberg, Jonathan and Haziza, Fr{\'e}d{\'e}ric and Rezine, Ahmed},
  booktitle={International Conference on Computer Aided Verification},
  pages={341--354},
  year={2008},
  organization={Springer}
}
