@article{abdulla2013monotonic,
  title={Monotonic abstraction for programs with multiply-linked structures},
  author={Abdulla, Parosh Aziz and Cederberg, Jonathan and Vojnar, Tom{\'a}{\v{s}}},
  journal={International Journal of Foundations of Computer Science},
  volume={24},
  number={02},
  pages={187--210},
  year={2013},
  publisher={World Scientific}
}

@inproceedings{abdulla2008monotonic,
  title={Monotonic abstraction for programs with dynamic memory heaps},
  author={Abdulla, Parosh Aziz and Bouajjani, Ahmed and Cederberg, Jonathan and Haziza, Fr{\'e}d{\'e}ric and Rezine, Ahmed},
  booktitle={International Conference on Computer Aided Verification},
  pages={341--354},
  year={2008},
  organization={Springer}
}

@inproceedings{abdulla2009automated,
  title={Automated analysis of data-dependent programs with dynamic memory},
  author={Abdulla, Parosh Aziz and Atto, Muhsin and Cederberg, Jonathan and Ji, Ran},
  booktitle={International Symposium on Automated Technology for Verification and Analysis},
  pages={197--212},
  year={2009},
  organization={Springer}
}

@inproceedings{abdulla2008handling,
  title={Handling parameterized systems with non-atomic global conditions},
  author={Abdulla, Parosh Aziz and Henda, Noomene Ben and Delzanno, Giorgio and Rezine, Ahmed},
  booktitle={International Workshop on Verification, Model Checking, and Abstract Interpretation},
  pages={22--36},
  year={2008},
  organization={Springer}
}